<record xmlns='http://www.loc.gov/MARC21/slim'><leader>01989cgm a2200385 a 4500</leader><controlfield tag='001'>3894560</controlfield><controlfield tag='005'>20141224012049.0</controlfield><controlfield tag='007'>vf|cbahou</controlfield><controlfield tag='008'>001026s1989    xx 160 e          vleng d</controlfield><datafield ind1=' ' ind2=' ' tag='035'><subfield code='a'>(OCoLC)51594691</subfield></datafield><datafield ind1=' ' ind2=' ' tag='035'><subfield code='a'>3894560</subfield></datafield><datafield ind1=' ' ind2=' ' tag='040'><subfield code='a'>NIC</subfield><subfield code='c'>NIC</subfield><subfield code='d'>NIC</subfield></datafield><datafield ind1='0' ind2='0' tag='245'><subfield code='a'>In the struggle</subfield><subfield code='h'>[videorecording] :</subfield><subfield code='b'>Willard Straight Hall takeover revisited /</subfield><subfield code='c'>[Cornell University].</subfield></datafield><datafield ind1='3' ind2='0' tag='246'><subfield code='a'>Willard Straight Hall takeover revisited</subfield></datafield><datafield ind1='1' ind2=' ' tag='246'><subfield code='i'>Title on videocassette label:</subfield><subfield code='a'>In the struggle :</subfield><subfield code='b'>WSH takeover revisited</subfield></datafield><datafield ind1=' ' ind2=' ' tag='260'><subfield code='c'>[1989]</subfield></datafield><datafield ind1=' ' ind2=' ' tag='300'><subfield code='a'>2 videocassettes (160 min.) :</subfield><subfield code='b'>sd., col. ;</subfield><subfield code='c'>1/2 in.</subfield></datafield><datafield ind1=' ' ind2=' ' tag='538'><subfield code='a'>VHS format.</subfield></datafield><datafield ind1=' ' ind2=' ' tag='508'><subfield code='a'>Edward Whitfield, Jacqueline Cox, Frank Dawson, Lorenzo Littles, John Mitchell, Zachary Carter, Ken McClane, Eric Evans, Alexis De Veaux, Lew Zipin, J. Robert Cooke, Gloria Joseph, David Lyons.</subfield></datafield><datafield ind1=' ' ind2=' ' tag='500'><subfield code='a'>Title from data sheet.</subfield></datafield><datafield ind1='0' ind2=' ' tag='505'><subfield code='a'>[v. 2] Reunion of students from 1969-.</subfield></datafield><datafield ind1=' ' ind2=' ' tag='518'><subfield code='a'>Videotaped in 1989 at the Robert Purcell Student Union, Cornell University.</subfield></datafield><datafield ind1=' ' ind2=' ' tag='520'><subfield code='a'>In this documentary, past and present Cornell University students and administrators recount the history of the takeover of Willard Straight Hall by Black students in 1969 and dicuss the implications of the event.</subfield></datafield><datafield ind1='2' ind2='0' tag='610'><subfield code='a'>Cornell University</subfield><subfield code='x'>Students</subfield><subfield code='x'>Political activity</subfield><subfield code='x'>History.</subfield></datafield><datafield ind1=' ' ind2='0' tag='650'><subfield code='a'>African American student movements</subfield><subfield code='x'>History.</subfield></datafield><datafield ind1=' ' ind2='0' tag='650'><subfield code='a'>African American college students</subfield><subfield code='x'>Political activity</subfield><subfield code='x'>History.</subfield></datafield><datafield ind1='2' ind2='7' tag='610'><subfield code='a'>Cornell University</subfield><subfield code='2'>fast</subfield><subfield code='0'>(OCoLC)fst00530369</subfield></datafield><datafield ind1=' ' ind2='7' tag='650'><subfield code='a'>African American college students</subfield><subfield code='x'>Political activity</subfield><subfield code='2'>fast</subfield><subfield code='0'>(OCoLC)fst00799107</subfield></datafield><datafield ind1=' ' ind2='7' tag='650'><subfield code='a'>African American student movements</subfield><subfield code='2'>fast</subfield><subfield code='0'>(OCoLC)fst00799374</subfield></datafield><datafield ind1=' ' ind2='7' tag='650'><subfield code='a'>Students</subfield><subfield code='x'>Political activity</subfield><subfield code='2'>fast</subfield><subfield code='0'>(OCoLC)fst01136098</subfield></datafield><datafield ind1=' ' ind2='7' tag='655'><subfield code='a'>History</subfield><subfield code='2'>fast</subfield><subfield code='0'>(OCoLC)fst01411628</subfield></datafield><datafield ind1='2' ind2=' ' tag='710'><subfield code='a'>Cornell University.</subfield></datafield><datafield ind1='0' ind2=' ' tag='740'><subfield code='a'>Reunion of students from 1969-.</subfield></datafield><datafield ind1='1' ind2=' ' tag='948'><subfield code='a'>20001026</subfield><subfield code='b'>o</subfield><subfield code='d'>sok1</subfield><subfield code='e'>lts</subfield></datafield><datafield ind1='2' ind2=' ' tag='948'><subfield code='a'>20141223</subfield><subfield code='b'>m</subfield><subfield code='d'>batch</subfield><subfield code='e'>lts</subfield><subfield code='x'>addfast</subfield></datafield></record>